@article{bickel2009simultaneous,
  title={Simultaneous analysis of Lasso and Dantzig selector},
  author={Bickel, Peter J and Ritov, Yaâ€™acov and Tsybakov, Alexandre B},
  year={2009}
}